<?xml version="1.0" encoding="UTF-8"?><collection xmlns="http://www.loc.gov/MARC21/slim"><record><leader>00591nam--2200229-u-4500</leader><controlfield tag="001">000050395</controlfield><controlfield tag="002">20161230</controlfield><controlfield tag="003">81806</controlfield><controlfield tag="005">20161230201048</controlfield><controlfield tag="008">070223s1000------------r-----000-0-eng-d</controlfield><datafield ind1=" " ind2=" " tag="040"><subfield code="a">IFIN-HH</subfield></datafield><datafield ind1=" " ind2=" " tag="041"><subfield code="a">eng</subfield></datafield><datafield ind1=" " ind2=" " tag="080"><subfield code="a">519.7</subfield></datafield><datafield ind1="1" ind2="0" tag="100"><subfield code="a">Lozovanu Dimitrii</subfield></datafield><datafield ind1="1" ind2="0" tag="245"><subfield code="a">Optimal Flows in Dinamic Networks</subfield><subfield code="c">Dimitrii Lozovanu, Maria Fonoberova</subfield></datafield><datafield ind1=" " ind2=" " tag="260"><subfield code="a">Chisinau</subfield><subfield code="b">Cermcs</subfield><subfield code="c">2006</subfield></datafield><datafield ind1=" " ind2=" " tag="300"><subfield code="a">133p</subfield></datafield><datafield ind1=" " ind2=" " tag="490"><subfield code="a">Textbooks and Monographs</subfield><subfield code="v">Vol. 1</subfield></datafield><datafield ind1=" " ind2="4" tag="650"><subfield code="a">Flow problem</subfield></datafield><datafield ind1="1" ind2=" " tag="700"><subfield code="a">Fonoberova, Maria</subfield></datafield><datafield ind1=" " ind2=" " tag="852"><subfield code="a">81806</subfield><subfield code="c">532</subfield></datafield><datafield ind1=" " ind2=" " tag="CAT"><subfield code="a">Sys</subfield><subfield code="c">20100903</subfield><subfield code="h">094752</subfield></datafield></record></collection>